<?xml version="1.0" encoding="UTF-8"?><collection xmlns="http://www.loc.gov/MARC21/slim"><record><leader>00571nam--2200181-i-4500</leader><controlfield tag="001">000020208</controlfield><controlfield tag="002">20161230</controlfield><controlfield tag="005">20161230201033</controlfield><controlfield tag="008">060222s1000------------r-----000-0-eng-d</controlfield><datafield ind1=" " ind2=" " tag="040"><subfield code="a">IFIN-HH</subfield></datafield><datafield ind1=" " ind2=" " tag="080"><subfield code="a">51-72:532/533</subfield></datafield><datafield ind1="1" ind2=" " tag="100"><subfield code="a">Lagerstrom, Paco A./S.A.</subfield></datafield><datafield ind1="1" ind2="0" tag="245"><subfield code="a">Fluid mechanics and singular perturbations</subfield><subfield code="b">A collection of papers by saul kaplun</subfield><subfield code="c">PACO A. LAGERSTROM, LOUIS N. HOWARD, CHING-SHI LIU (Eds.)</subfield></datafield><datafield ind1=" " ind2=" " tag="260"><subfield code="a">New York, Academic Press, 1967</subfield></datafield><datafield ind1=" " ind2=" " tag="300"><subfield code="a">XI + 369 P</subfield></datafield><datafield ind1="1" ind2=" " tag="700"><subfield code="a">Liu, Ching-shi</subfield></datafield><datafield ind1=" " ind2=" " tag="852"><subfield code="a">76263</subfield><subfield code="c">532</subfield></datafield><datafield ind1=" " ind2=" " tag="CAT"><subfield code="a">Sys</subfield><subfield code="c">20100827</subfield><subfield code="h">093428</subfield></datafield></record></collection>